<?xml version="1.0" encoding="UTF-8"?><collection xmlns="http://www.loc.gov/MARC21/slim"><record><leader>00382nam--2200121-i-4500</leader><controlfield tag="001">000007069</controlfield><controlfield tag="002">20161230</controlfield><controlfield tag="005">20161230201027</controlfield><controlfield tag="008">060222s1000------------r-----000-0-eng-d</controlfield><datafield ind1=" " ind2=" " tag="100"><subfield code="a">Bouche Richard</subfield></datafield><datafield ind1=" " ind2=" " tag="245"><subfield code="a">Etude des proprietes statistiques de la struc ture multiplicatrice d`un photomultiplicateur. these</subfield></datafield><datafield ind1=" " ind2=" " tag="260"><subfield code="a">Lyon, La Faculte Des Sciences, 1965 72 P./-79 P.</subfield></datafield><datafield ind1=" " ind2=" " tag="852"><subfield code="a">20729</subfield></datafield></record></collection>